@ARTICLE{miprimerabiblio,
	author = {Miguel de Cervantes},
	title = {Don Quijote de la Mancha},
	journal = {Clasicos},
	year = {1615},
	volume = {50},
	pages = {112-115}
}

@ARTICLE{ID,
	author = {author},
	title = {title},
	date = {date},
}
